@book{lamport1986,
  title={\LaTeX--A Document Preparation System},
  author={Lamport, Leslie},
  year={1986},
  publisher={Addison-Wesley Reading, MA}
}

@article{knuth1989,
  title={The errors of TEX},
  author={Knuth, Donald E},
  journal={Software: Practice and Experience},
  volume={19},
  number={7},
  pages={607--685},
  year={1989},
  publisher={Wiley Online Library},
  doi={10.1002/spe.4380190702}
}





