@article{YangEA2018,
   author={Xian Yang. and Yong Li. and Ye Cai. and Yijia Cao. and Kwang Lee. and Zhijian Jia},
   title={Impact of Road-Block on Peak-Load of Coupled Traffic and Energy Transportation Networks},
   journal={Energies},
   volume={11},
   year=2018,
   pages={1-12}
}
@article{OuyangEA2014,
   author={Ouyang, Min. and Duenas-Osorio, Leonardo},
   title={Multi-dimensional Hurricane Resilience Assessment of Electric Power Systems},
   journal={Structural Safety},
   volume={48},
   year=2014,
   pages={15-24}
}
