@article{YangEA2018,
   author={Xian Yang. and Yong Li. and Ye Cai. and Yijia Cao. and Kwang Lee. and Zhijian Jia},
   title={Impact of Road-Block on Peak-Load of Coupled Traffic and Energy Transportation Networks},
   journal={Energies},
   volume={11},
   year=2018,
   pages={1-12}
}
@article{OuyangEA2014,
   author={Ouyang, Min. and Duenas-Osorio, Leonardo},
   title={Multi-dimensional Hurricane Resilience Assessment of Electric Power Systems},
   journal={Structural Safety},
   volume={48},
   year=2014,
   pages={15-24}
}
@article{GuikemaEA2010,
author = {Guikema, Seth. and Quiring, Steven. and Han, Seung-Ryong},
title = {Prestorm Estimation of Hurricane Damage to Electric Power Distribution Systems},
journal = {Risk Analysis},
volume = {30},
year = 2010,
pages ={1744-1752}}
@article{SvendsenEA2007,
   author={Svendsen, Nils. and Wolthusen, Stephen},
   title={Connectivity models of interdependency in mixed-type critical infrastructure networks},
   journal={Information Secruity Technical Report},
   volume={12},
   year=2007,
   pages={44-55}
}
@article{WinklerEA2010,
   author={Winkler, James. and Duenas-Osorio, Leonardo. and Stein, Robert. and Subramanian, Devika},
   title={Performance assessment of topologically diverse power systems subjected to hurricane events},
   journal={Reliability Engineering and System Safety},
   volume={95},
   year=2010,
   pages={323-336}
}
@article{GolariEA2014,
   author={Golari, Mehdi. and Fan, Neng. and Wang, Jianhui},
   title={Two-stage stochastic optimal islanding operations under severe multiple contingencies in power grids},
   journal={Electric Power Systems Research},
   volume={114},
   year=2014,
   pages={68-77}
}
@article{SalmeronEA2010,
   author={Salmeron, Javier. and Apte, Aruna},
   title={Stochastic Optimization for Natural Disater Asset Prepositioning},
   journal={Production and Operations Management},
   volume={19},
   year=2010,
   pages={561-574}
}
@MastersThesis{NPSMasters,
  author       = {Chee Chien Ang}, 
  title        = {Optimized Recovery of Damaged Electrial Power Grids},
  school       = {Naval Postgraduate School},
  year         = 2006,
  month        = 3,
  note         = {Found online}
}

@ARTICLE{PanteliEA2016, 
author={M. {Panteli} and D. N. {Trakas} and P. {Mancarella} and N. D. {Hatziargyriou}}, 
journal={IEEE Transactions on Smart Grid}, 
title={Boosting the Power Grid Resilience to Extreme Weather Events Using Defensive Islanding}, 
year={2016}, 
volume={7}, 
number={6}, 
pages={2913-2922}, 
doi={10.1109/TSG.2016.2535228}, 
ISSN={1949-3053}, 
month={"Nov"},}

@article{DeepjyotiEA2018,
author={Deka,Deepjyoti and ,Sriram V. and Baldick,Ross},
year={2018},
month={10},
title={Topological vulnerability of power grids to disasters: Bounds, adversarial attacks and reinforcement},
journal={PLoS One},
volume={13},
number={10},
language={English},
url={http://ezproxy.lib.utexas.edu/login?url=https://search-proquest-com.ezproxy.lib.utexas.edu/docview/2118789807?accountid=7118},
}

@article{VerasEA2012,
   author={Holguin-Veras, Jose. and Jaller, Miguel. and Van Wassenhove, Luk. and Perez, Noel. and Wachtendorf, Tricia},
   title={On the unique features of post-disaster humanitarian logistics},
   journal={Jounral of Operations Management},
   volume={30},
   year=2012,
   pages={494-506}
}
@article{JiangEA2012,
author = {Jiang, Yiping and Yuan, Yufei and Huang, Kai and Zhao, Lindu},
year = {2012},
month = {01},
pages = {1277-1285},
title = {Logistics for Large-Scale Disaster Response: Achievements and Challenges},
journal = {45th Hawaii International Conference on System Science (HICSS},
doi = {10.1109/HICSS.2012.418}
}
@article{CaunhyeEA2012,
title = "Optimization models in emergency logistics: A literature review",
journal = "Socio-Economic Planning Sciences",
volume = "46",
number = "1",
pages = "4 - 13",
year = "2012",
note = "Special Issue: Disaster Planning and Logistics: Part 1",
issn = "0038-0121",
doi = "https://doi.org/10.1016/j.seps.2011.04.004",
url = "http://www.sciencedirect.com/science/article/pii/S0038012111000176",
author = "Aakil M. Caunhye and Xiaofeng Nie and Shaligram Pokharel",

}

@article{AksuEA2014,
title = "A mathematical model for post-disaster road restoration: Enabling accessibility and evacuation",
journal = "Transportation Research Part E: Logistics and Transportation Review",
volume = "61",
pages = "56 - 67",
year = "2014",
issn = "1366-5545",
doi = "https://doi.org/10.1016/j.tre.2013.10.009",
url = "http://www.sciencedirect.com/science/article/pii/S1366554513001762",
author = "Dilek Tuzun Aksu and Linet Ozdamar",
}
@ARTICLE{SalmeronEA2004, 
author={J. {Salmeron} and K. {Wood} and R. {Baldick}}, 
journal={IEEE Transactions on Power Systems}, 
title={Analysis of electric grid security under terrorist threat}, 
year={2004}, 
volume={19}, 
number={2}, 
pages={905-912}, 
keywords={terrorism;power system security;mathematical analysis;power system protection;power system reliability;electric grid security;terrorist threat;standard reliability test network;homeland security;Terrorism;Power system security;Power system modeling;Power system reliability;Power grids;Power generation;Costs;Power systems;Mathematical model;Power transmission lines}, 
doi={10.1109/TPWRS.2004.825888}, 
ISSN={0885-8950}, 
month={"May"},}

@article{WattsEA1998,
   author={Watts, Duncan. and Strogaatz, Steven},
   title={Collective dynamics of 'small-world' networks},
   journal={Nature},
   volume={393},
   year=1998,
   pages={440-442}
}
@Article{Newman2000,
author="Newman, M. E. J.",
title="Models of the Small World",
journal="Journal of Statistical Physics",
year="2000",
month={"Nov"},
day="01",
volume="101",
number="3",
pages="819--841",
abstract="It is believed that almost any pair of people in the world can be connected to one another by a short chain of intermediate acquaintances, of typical length about six. This phenomenon, colloquially referred to as the ``six degrees of separation,'' has been the subject of considerable recent interest within the physics community. This paper provides a short review of the topic.",
issn="1572-9613",
doi="10.1023/A:1026485807148",
url="https://doi.org/10.1023/A:1026485807148"
}

@article{NewmanEA2001,
   author={Newman,M. and Watts, Duncan. and Strogaatz, Steven},
   title={Random Graphs with arbitrary degree distributions and their applications},
   journal={Physical Review E},
   volume={64},
   year=2001,
   pages={1-17}
}


@article{MolyneauxEA2016,
   author={Molyneaux, Lynette. and Brown,Colin. and Wagner, Liam. and Foster, John.},
   title={Measuring Resilience in energy systems: Insights from a frange of disciplines},
   journal={Renewable and Sustainable Energy Reviews},
   volume={59},
   year=2016,
   pages={1068-1079}
}


@ARTICLE{ArabEA2015,
author={A. {Arab} and A. {Khodaei} and S. K. {Khator} and K. {Ding} and V. A. {Emesih} and Z. {Han}},
journal={IEEE Transactions on Smart Grid},
title={Stochastic Pre-hurricane Restoration Planning for Electric Power Systems Infrastructure},
year={2015},
volume={6},
number={2},
pages={1046-1054},
keywords={power system planning;power system restoration;stochastic processes;storms;stochastic pre-hurricane restoration planning;electric power systems infrastructure;proactive resource allocation model;power system components;stochastic integer program;large-scale mixed-integer equivalence;Maintenance engineering;Hurricanes;Stochastic processes;Random variables;Planning;Substations;Hurricane planning;power system resiliency;resource allocation;stochastic program with recourse;Hurricane planning;power system resiliency;resource allocation;stochastic program with recourse},
doi={10.1109/TSG.2015.2388736},
ISSN={},
month={March},}

@INPROCEEDINGS{CoffrinEA2011,
author={C. {Coffrin} and P. {Van Hentenryck} and R. {Bent}},
booktitle={2011 IEEE Power and Energy Society General Meeting},
title={Strategic stockpiling of power system supplies for disaster recovery},
year={2011},
volume={},
number={},
pages={1-8},
keywords={business continuity;greedy algorithms;integer programming;load flow;power system restoration;stochastic processes;strategic stockpiling;power system supply;disaster recovery;power system stochastic storage problem;power restoration;disaster restoration;exact mixed-integer formulation;linearized DC power flow model;general column-generation approach;greedy approach;Load flow;Optimization;Stochastic processes;Maintenance engineering;Generators;Computational modeling},
doi={10.1109/PES.2011.6039414},
ISSN={},
month={July},}

@article{MousavizadehEA2018,
title = "A linear two-stage method for resiliency analysis in distribution systems considering renewable energy and demand response resources",
journal = "Applied Energy",
volume = "211",
pages = "443 - 460",
year = "2018",
issn = "0306-2619",
doi = "https://doi.org/10.1016/j.apenergy.2017.11.067",
url = "http://www.sciencedirect.com/science/article/pii/S0306261917316665",
author = "Saeed Mousavizadeh and Mahmoud-Reza Haghifam and Mohammad-Hossein Shariatkhah",
}
@article{Houser2009,
author = {Houser, Chris},
title = {Geomorphological Controls on Road Damage during Hurricanes Ivan and Dennis},
journal = {Journal of Coastal Research},
volume = {},
number = {},
pages = {558-568},
year = {2009},
doi = {10.2112/07-0923.1},

URL = { 
        https://doi.org/10.2112/07-0923.1
    
},
eprint = { 
        https://doi.org/10.2112/07-0923.1
    
}

}

@article{DuqueEA2016,
title = "Network repair crew scheduling and routing for emergency relief distribution problem",
journal = "European Journal of Operational Research",
volume = "248",
number = "1",
pages = "272 - 285",
year = "2016",
issn = "0377-2217",
doi = "https://doi.org/10.1016/j.ejor.2015.06.026",
url = "http://www.sciencedirect.com/science/article/pii/S0377221715005408",
author = "Pablo A. Maya Duque and Irina S. Dolinskaya and Kenneth SÃ¶rensen",
}